@incollection{thapa2023nehate,
  title={Nehate: Large-scale annotated data shedding light on hate speech in nepali local election discourse},
  author={Thapa, Surendrabikram and Rauniyar, Kritesh and Shiwakoti, Shuvam and Poudel, Sweta and Naseem, Usman and Nasim, Mehwish},
  booktitle={ECAI 2023},
  pages={2346--2353},
  year={2023},
  publisher={IOS Press}
}

@inproceedings{singh2020aspect,
  title={Aspect based abusive sentiment detection in Nepali social media texts},
  author={Singh, Oyesh Mann and Timilsina, Sandesh and Bal, Bal Krishna and Joshi, Anupam},
  booktitle={2020 IEEE/ACM International Conference on Advances in Social Networks Analysis and Mining (ASONAM)},
  pages={301--308},
  year={2020},
  organization={IEEE}
}

@misc{women, url={https://southasiacheck.org/in-public-interest/panos-releases-second-media-monitoring-report-on-online-gendered-violence-against-women/}, journal={South Asia Check}, year={2022}, month={Jul} }

@inproceedings{shrestha2020named,
  title={Named-entity based sentiment analysis of Nepali news media texts},
  author={Shrestha, Birat Bade and Bal, Bal Krishna},
  booktitle={Proceedings of the 6th workshop on natural language processing techniques for educational applications},
  pages={114--120},
  year={2020}
}

@inproceedings{mulki2019hsab,
  title={L-hsab: A levantine twitter dataset for hate speech and abusive language},
  author={Mulki, Hala and Haddad, Hatem and Ali, Chedi Bechikh and Alshabani, Halima},
  booktitle={Proceedings of the third workshop on abusive language online},
  pages={111--118},
  year={2019}
}

@data{dz6s-my90-19,
doi = {10.21227/dz6s-my90},
url = {https://dx.doi.org/10.21227/dz6s-my90},
author = {Lamsal, Rabindra},
publisher = {IEEE Dataport},
title = {300-Dimensional Word Embeddings for Nepali Language},
year = {2019} }

 @article{pralhad, title={Heart Disease Prediction Using Outlier Removal based Max Voting Ensemble Method}, volume={1}, DOI={https://doi.org/10.3126/injet.v1i1.60933}, number={1}, journal={International Journal on Engineering Technology}, author={Pralhad Chapagain}, year={2023}, month={Dec}, pages={83â€“101} }

@article{suwal2023nepali,
  title={Nepali Offensive Language Detection and Sentiment Analysis: A Comprehensive Study on Transfer Learning Techniques},
  author={Suwal, Merishna Singh and Bhusal, Sujan and Regmi, Drishtant},
  year={2023},
  institution={University of New Haven}
  }
  
@inproceedings{optuna_2019,
    title={Optuna: A Next-generation Hyperparameter Optimization Framework},
    author={Akiba, Takuya and Sano, Shotaro and Yanase, Toshihiko and Ohta, Takeru and Koyama, Masanori},
    booktitle={Proceedings of the 25th {ACM} {SIGKDD} International Conference on Knowledge Discovery and Data Mining},
    year={2019}
} 

@inproceedings{tree_structured,
  title={Multiobjective tree-structured parzen estimator for computationally expensive optimization problems},
  author={Ozaki, Yoshihiko and Tanigaki, Yuki and Watanabe, Shuhei and Onishi, Masaki},
  booktitle={Proceedings of the 2020 genetic and evolutionary computation conference},
  pages={533--541},
  year={2020}
}

@INPROCEEDINGS{devo,
  author={Chen Qiu and Jiang, Liangxiao and Ganggang Kong},
  booktitle={2015 International Joint Conference on Neural Networks (IJCNN)}, 
  title={A differential evolution-based method for class-imbalanced cost-sensitive learning}, 
  year={2015},
  volume={},
  number={},
  pages={1-8},
  keywords={Bayes methods;Niobium;Algorithm design and analysis;Classification algorithms},
  doi={10.1109/IJCNN.2015.7280419}}
  
@inproceedings{distil,
    title = "{N}epali Encoder Transformers: An Analysis of Auto Encoding Transformer Language Models for {N}epali Text Classification",
    author = "Maskey, Utsav  and
      Bhatta, Manish  and
      Bhatt, Shiva  and
      Dhungel, Sanket  and
      Bal, Bal Krishna",
    editor = "Melero, Maite  and
      Sakti, Sakriani  and
      Soria, Claudia",
    booktitle = "Proceedings of the 1st Annual Meeting of the ELRA/ISCA Special Interest Group on Under-Resourced Languages",
    month = jun,
    year = "2022",
    address = "Marseille, France",
    publisher = "European Language Resources Association",
    url = "https://aclanthology.org/2022.sigul-1.14/",
    pages = "106--111"
}